@misc{both_2020,
  title =        {An introduction to swap space on Linux systems},
  url =          {https://opensource.com/article/18/9/swap-space-linux-systems},
  journal =      {Opensource.com},
  author =       {Both, David},
  year =         2020,
  month =        3
}

@misc{cgroups,
  url =
                  {https://docs.fedoraproject.org/en-US/Fedora/16/html/Resource_Management_Guide/ch01.html},
  title =        {Chapter 1. Introduction to Control Groups (Cgroups)}
}

@misc{cgroups_linux_manual_page,
  url =          {https://man7.org/linux/man-pages/man7/cgroups.7.html},
  title =        {cgroups(7) - Linux manual page}
}

@misc{chauhan_chauhan_2012,
  title =        {Half of the world's largest supercomputer clusters run SUSE
                  Linux: TFiR: Interviews, News & Analysis by Swapnil Bhartiya},
  url =
                  {https://www.tfir.io/half-of-the-world-s-largest-supercomputer-clusters-run-suse-linux/},
  journal =      {TFiR},
  author =       {Chauhan, Monika and Chauhan, Monika},
  year =         2012,
  month =        11
}

@misc{concurrency,
  title =        {Difference between Mutex and Semaphore in Operating System},
  url =
                  {https://afteracademy.com/blog/difference-between-mutex-and-semaphore-in-operating-system},
  journal =      {AfterAcademy}
}

@misc{concurrency_linux,
  url =
                  {https://sysplay.in/blog/linux-kernel-internals/2015/06/concurrency-management-in-linux-kernel/},
  journal =      {Playing with Systems},
  author =       {Pradeep D. Tewani},
  year =         2015,
  month =        6
}

@misc{cow,
  url =          {https://www.computerhope.com/jargon/c/copy-on-write.htm},
  title =        {What is Copy-on-write?},
  year =         2019,
  month =        2
}

@misc{expert_partitioner,
  title =        {Expert Partitioner: Reference: openSUSE Leap 15.2},
  url =
                  {https://doc.opensuse.org/documentation/leap/reference/html/book-opensuse-reference/cha-expert-partitioner.html},
  journal =      {Expert Partitioner | Reference | openSUSE Leap 15.2}
}

@misc{ext4,
  title =        {Ext4 vs. Btrfs: Which Linux File System Should You Use?},
  url =          {https://www.makeuseof.com/tag/ext4-btrfs-making-switch-linux/},
  journal =      {MUO},
  author =       {King, Bertel},
  year =         2020,
  month =        3
}

@misc{fedora,
  title =        {Get Fedora},
  url =          {https://getfedora.org/},
  journal =      {Fedora}
}

@misc{fedora_21,
  url =
                  {https://lists.fedoraproject.org/pipermail/announce/2014-December/003242.html},
  title =        {Announcing Fedora 21!},
  year =         2014,
  month =        12
}

@misc{fedora_7,
  url =
                  {https://listman.redhat.com/archives/fedora-announce-list/2007-May/msg00009.html},
  title =        {Announcing Fedora 7 (Moonshine)},
  year =         2007,
  month =        3
}

@misc{fedora_arch,
  title =        {Architectures},
  url =          {https://fedoraproject.org/wiki/Architectures},
  journal =      {Architectures - Fedora Project Wiki},
  year =         2019,
  month =        9
}

@misc{fedora_file_system,
  url =
                  {https://docs.fedoraproject.org/en-US/Fedora/25/html/Installation_Guide/sect-installation-gui-manual-partitioning-filesystems.html},
  title =        {5.4.10.5. Device, File System and RAID Types}
}

@misc{fedora_leadership,
  title =        {Fedora Leadership},
  url =          {https://docs.fedoraproject.org/en-US/project/leadership/},
  journal =      {Fedora Leadership :: Fedora Docs}
}

@misc{fedora_mission,
  title =        {Fedora's Mission and Foundations},
  url =          {https://docs.fedoraproject.org/en-US/project/},
  journal =      {Fedora's Mission and Foundations :: Fedora Docs}
}

@misc{fedora_objective,
  title =        {Current 12-18 Month Community Objectives},
  url =          {https://docs.fedoraproject.org/en-US/project/objectives/},
  journal =      {Current 12-18 Month Community Objectives :: Fedora Docs}
}

@misc{fedora_remix,
  title =        {List of Fedora remixes},
  url =          {https://fedoraproject.org/wiki/List_of_Fedora_remixes},
  journal =      {List of Fedora remixes - Fedora Project Wiki},
  year =         2021,
  month =        3
}

@misc{fedora_togami,
  title =        {User:Wtogami},
  url =          {https://fedoraproject.org/wiki/User:Wtogami?rd=WarrenTogami},
  journal =      {User:Wtogami - Fedora Project Wiki},
  year =         2018,
  month =        10
}

@misc{guru99,
  title =        {32 bit vs 64 bit: Key Differences},
  url =
                  {https://www.guru99.com/32-bit-vs-64-bit-operating-systems.html},
  journal =      {Guru99}
}

@misc{isaac,
  url =
                  {https://isaaccomputerscience.org/concepts/net_comm_error_checking},
  title =        {Isaac Computer Science}
}

@misc{kalin_2019,
  title =        {CFS: Completely fair process scheduling in Linux},
  url =          {https://opensource.com/article/19/2/fair-scheduling-linux},
  journal =      {Opensource.com},
  author =       {Kalin, Marty},
  year =         2019,
  month =        2
}

@book{linux,
  place =        {Beijing},
  title =        {Understanding the Linux Kernel},
  publisher =    {O'Reilly},
  author =       {Bovet, Daniel Pierre and Cesati, Marco},
  year =         2006
}

@misc{linux_file_system_management,
  url =
                  {https://www.rs-online.com/designspark/an-intro-to-linux-file-system-management},
  title =        {An intro to Linux file system management}
}

@misc{opensuse_arch,
  title =        {openSUSE Tumbleweed},
  url =          {https://get.opensuse.org/tumbleweed/},
  journal =      {Get openSUSE}
}

@misc{opensuse_guiding_principles,
  title =        {openSUSE:Guiding principles},
  url =          {https://en.opensuse.org/openSUSE:Guiding_principles},
  journal =      {openSUSE}
}

@book{os,
  place =        {Hoboken, NJ},
  title =        {Operating system concepts},
  publisher =    {Wiley},
  author =       {Silberschatz, Abraham and Galvin, Peter B. and Gagne, Greg},
  year =         2018
}

@misc{redhat_history,
  title =        {History of Red Hat Linux},
  url =          {https://fedoraproject.org/wiki/History_of_Red_Hat_Linux},
  journal =      {History of Red Hat Linux - Fedora Project Wiki},
  year =         2016,
  month =        11
}

@misc{shovon_1969,
  title =        {The Comparison of Btrfs vs Ext4 Filesystems},
  url =          {https://linuxhint.com/btrfs-vs-ext4-filesystems-comparison/},
  journal =      {Linux Hint},
  author =       {Shovon, Shahriar},
  year =         1969,
  month =        8
}

@misc{suse_10_release,
  title =        {Slashdot},
  url =
                  {https://linux.slashdot.org/story/05/10/06/2157223/suse-100-oss-released},
  journal =      {SUSE 10.0 OSS Released}
}

@misc{suse_2018,
  title =        {OpenSUSE},
  url =          {https://susedefines.suse.com/definition/opensuse/},
  journal =      {SUSE Defines},
  author =       {Suse},
  year =         2018,
  month =        6
}

@misc{suse_appendix,
  url =          {http://opensuse-guide.org/history.php},
  title =        {Appendix D: History and Background - What is Free Software and
                  Open Source and What is the History of openSUSE}
}

@misc{suse_documentation,
  title =        {SUSE Linux Enterprise Server 12 SP4: Chapter 1. Overview of
                  File Systems in Linux (Storage Administration Guide)},
  url =
                  {https://documentation.suse.com/sles/12-SP4/html/SLES-all/cha-filesystems.html#sec-filesystems-major-btrfs},
  journal =      {documentation.suse.com}
}
